%% shorthands
@STRING{aa	= "Astron.\ Astrophys." }
@STRING{aap	= "Astron.\ and Astrophys." }
@STRING{anph	= "Ann.\ Phys." }
@STRING{apss    = "Astrophysics and Space Science"}
@STRING{apj	= "Astrophys.\ J." }
@STRING{apjl	= "Astrophys.\ J.\ Letters" }
@STRING{apjlet	= "Astrophys.\ J.\ Letters" }
@STRING{apjs	= "Astrophys.\ J.\ Suppl." }
@STRING{cmp	= "Commun.\ Math.\ Phys." }
@STRING{cqg	= "Class.\ Quantum Grav." }
@STRING{grg	= "Gen.\ Relativ.\ Gravit." }
@STRING{jcp	= "J.\ Comput.\ Phys." }
@STRING{jmp	= "J.\ Math.\ Phys." }
@STRING{mnras	= "Mon.\ Not.\ Roy.\ Astron.\ Soc." }
@STRING{physlet	= "Phys.\ Lett." }
@STRING{pr	= "Phys.\ Rev." }
@STRING{prd	= "Phys.\ Rev.\ D" }
@STRING{prl	= "Phys.\ Rev.\ Lett." }
@STRING{rmp	= "Rev.\ Mod.\ Phys." }

@article{Nedora:2020qtd,
    author = "Nedora, Vsevolod and others",
    title = "{Mapping dynamical ejecta and disk masses from numerical relativity simulations of neutron star mergers}",
    eprint = "2011.11110",
    archivePrefix = "arXiv",
    primaryClass = "astro-ph.HE",
    month = "11",
    year = "2020"
}

@article{Nedora:2020pak,
    author = "Nedora, Vsevolod and others",
    title = "{Numerical Relativity Simulations of the Neutron Star Merger GW170817: Long-Term Remnant Evolutions, Winds, Remnant Disks, and Nucleosynthesis}",
    eprint = "2008.04333",
    archivePrefix = "arXiv",
    primaryClass = "astro-ph.HE",
    doi = "10.3847/1538-4357/abc9be",
    journal = "Astrophys. J.",
    volume = "906",
    number = "2",
    pages = "98",
    year = "2021"
}

@article{Nedora:2019jhl,
      author         = "Nedora, Vsevolod and others",
      title          = "{Spiral-wave wind for the blue kilonova}",
      journal        = "Astrophys. J.",
      volume         = "886",
      year           = "2019",
      number         = "2",
      pages          = "L30",
      doi            = "10.3847/2041-8213/ab5794",
      eprint         = "1907.04872",
      archivePrefix  = "arXiv",
      primaryClass   = "astro-ph.HE",
      SLACcitation   = "%%CITATION = ARXIV:1907.04872;%%"
}

@article{Breschi:2021tbm,
    author = "Breschi, Matteo and Perego, Albino and Bernuzzi, Sebastiano and Del Pozzo, Walter and Nedora, Vsevolod and Radice, David and Vescovi, Diego",
    title = "{AT2017gfo: Bayesian inference and model selection of multi-component kilonovae and constraints on the neutron star equation of state}",
    eprint = "2101.01201",
    archivePrefix = "arXiv",
    primaryClass = "astro-ph.HE",
    month = "1",
    year = "2021"
}

@article{Bernuzzi:2020txg,
      author         = "Bernuzzi, Sebastiano and others",
      title          = "{Accretion-induced prompt black hole formation in asymmetric neutron star mergers, dynamical ejecta and kilonova signals}",
      title = "{Accretion-induced prompt black hole formation in asymmetric neutron star mergers, dynamical ejecta and kilonova signals}",
      journal= "Mon. Not. Roy. Astron. Soc.",
       year = 2020,
     month = jun,
     doi = "10.1093/mnras/staa1860",
      eprint         = "2003.06015",
      archivePrefix  = "arXiv",
      primaryClass   = "astro-ph.HE",
      SLACcitation   = "%%CITATION = ARXIV:2003.06015;%%"
}




