%% shorthands
@STRING{aa	= "Astron.\ Astrophys." }
@STRING{aap	= "Astron.\ and Astrophys." }
@STRING{anph	= "Ann.\ Phys." }
@STRING{apj	= "Astrophys.\ J." }
@STRING{apjl	= "Astrophys.\ J.\ Letters" }
@STRING{apjlet	= "Astrophys.\ J.\ Letters" }
@STRING{apjs	= "Astrophys.\ J.\ Suppl." }
@STRING{cmp	= "Commun.\ Math.\ Phys." }
@STRING{cqg	= "Class.\ Quantum Grav." }
@STRING{grg	= "Gen.\ Relativ.\ Gravit." }
@STRING{jcp	= "J.\ Comput.\ Phys." }
@STRING{jmp	= "J.\ Math.\ Phys." }
@STRING{mnras	= "Mon.\ Not.\ Roy.\ Astron.\ Soc." }
@STRING{physlet	= "Phys.\ Lett." }
@STRING{pr	= "Phys.\ Rev." }
@STRING{prd	= "Phys.\ Rev.\ D" }
@STRING{prl	= "Phys.\ Rev.\ Lett." }
@STRING{rmp	= "Rev.\ Mod.\ Phys." }

@article{Andersson:2006nr,
    author = "Andersson, N. and Comer, G.L.",
    archivePrefix = "arXiv",
    doi = "10.12942/lrr-2007-1",
    eprint = "gr-qc/0605010",
    journal = "Living Rev. Rel.",
    pages = "1",
    title = "{Relativistic fluid dynamics: Physics for many different scales}",
    volume = "10",
    year = "2007"
}

@article{Alcubierre:2002kk,
    author = "Alcubierre, Miguel and Bruegmann, Bernd and Diener, Peter and Koppitz, Michael and Pollney, Denis and Seidel, Edward and Takahashi, Ryoji",
    archivePrefix = "arXiv",
    doi = "10.1103/PhysRevD.67.084023",
    eprint = "gr-qc/0206072",
    journal = "Phys. Rev. D",
    pages = "084023",
    reportNumber = "AEI-2002-037",
    title = "{Gauge conditions for long term numerical black hole evolutions without excision}",
    volume = "67",
    year = "2003"
}

@article{Alcubierre:1999rt,
    author = "Alcubierre, Miguel and Allen, Gabrielle and Bruegmann, Bernd and Seidel, Edward and Suen, Wai-Mo",
    archivePrefix = "arXiv",
    doi = "10.1103/PhysRevD.62.124011",
    eprint = "gr-qc/9908079",
    journal = "Phys. Rev. D",
    pages = "124011",
    reportNumber = "ALBERTA-THY-11-99",
    title = "{Towards an understanding of the stability properties of the (3+1) evolution equations in General Relativity}",
    volume = "62",
    year = "2000"
}

@article{Alic:2011gg,
    author = "Alic, Daniela and Bona-Casas, Carles and Bona, Carles and Rezzolla, Luciano and Palenzuela, Carlos",
    archivePrefix = "arXiv",
    doi = "10.1103/PhysRevD.85.064040",
    eprint = "1106.2254",
    journal = "Phys. Rev. D",
    pages = "064040",
    primaryClass = "gr-qc",
    title = "{Conformal and covariant formulation of the Z4 system with constraint-violation damping}",
    volume = "85",
    year = "2012"
}

@article{Arnowitt:1962hi,
      author         = "Arnowitt, Richard L. and Deser, Stanley and Misner,
                        Charles W.",
      title          = "{The Dynamics of general relativity}",
      journal        = "Gen. Rel. Grav.",
      volume         = "40",
      year           = "2008",
      pages          = "1997-2027",
      doi            = "10.1007/s10714-008-0661-1",
      eprint         = "gr-qc/0405109",
      archivePrefix  = "arXiv",
      primaryClass   = "gr-qc",
      SLACcitation   = "%%CITATION = GR-QC/0405109;%%"
}

@article{Baumgarte:1998te,
    author = "Baumgarte, Thomas W. and Shapiro, Stuart L.",
    archivePrefix = "arXiv",
    doi = "10.1103/PhysRevD.59.024007",
    eprint = "gr-qc/9810065",
    journal = "Phys. Rev. D",
    pages = "024007",
    title = "{On the numerical integration of Einstein's field equations}",
    volume = "59",
    year = "1999"
}

@article{Baumgarte:2002jm,
  author	= "Baumgarte, Thomas W. and Shapiro, Stuart L.",
  title		= "{Numerical relativity and compact binaries}",
  journal	= "Phys. Rept.",
  volume	= "376",
  year		= "2003",
  pages		= "41-131",
  eprint	= "gr-qc/0211028",
  archiveprefix	= "arXiv",
  doi		= "10.1016/S0370-1573(02)00537-9",
  slaccitation	= "%%CITATION = GR-QC/0211028;%%"
}

@article{Bernuzzi:2009ex,
    author = "Bernuzzi, Sebastiano and Hilditch, David",
    archivePrefix = "arXiv",
    doi = "10.1103/PhysRevD.81.084003",
    eprint = "0912.2920",
    journal = "Phys. Rev. D",
    pages = "084003",
    primaryClass = "gr-qc",
    title = "{Constraint violation in free evolution schemes: Comparing BSSNOK with a conformal decomposition of Z4}",
    volume = "81",
    year = "2010"
}

@article{Bona:2010is,
    author = "Bona, C. and Bona-Casas, C. and Palenzuela, C.",
    archivePrefix = "arXiv",
    doi = "10.1103/PhysRevD.82.124010",
    eprint = "1008.0747",
    journal = "Phys. Rev. D",
    pages = "124010",
    primaryClass = "gr-qc",
    title = "{Action principle for Numerical Relativity evolution systems}",
    volume = "82",
    year = "2010"
}

@book{Bona:2009,
      author         = "Bona, C., Palenzuela-Luque, C.",
      title          = "{Elements of Numerical Relativity and Relativistic Hydrodynamics}",
      publisher      = "Springer-Verlag Berlin Heidelberg",
      address        = "Berlin",
      year           = "2009",
      series         = "Lecture Notes in Physics",
      ISBN           = "978-3-642-01164-1",
      url   	     = "https://www.springer.com/gp/book/9783642011634"
}


@article{Bona:2003fj,
    author = "Bona, C. and Ledvinka, T. and Palenzuela, C. and Zacek, M.",
    archivePrefix = "arXiv",
    doi = "10.1103/PhysRevD.67.104005",
    eprint = "gr-qc/0302083",
    journal = "Phys. Rev. D",
    pages = "104005",
    title = "{General covariant evolution formalism for numerical relativity}",
    volume = "67",
    year = "2003"
}

@article{Bona:1994dr,
    author = "Bona, Carles and Masso, Joan and Seidel, Edward and Stela, Joan",
    archivePrefix = "arXiv",
    doi = "10.1103/PhysRevLett.75.600",
    eprint = "gr-qc/9412071",
    journal = "Phys. Rev. Lett.",
    pages = "600--603",
    title = "{A New formalism for numerical relativity}",
    volume = "75",
    year = "1995"
}

@article{Campanelli:2005dd,
    author = "Campanelli, Manuela and Lousto, C.O. and Marronetti, P. and Zlochower, Y.",
    archivePrefix = "arXiv",
    doi = "10.1103/PhysRevLett.96.111101",
    eprint = "gr-qc/0511048",
    journal = "Phys. Rev. Lett.",
    pages = "111101",
    title = "{Accurate evolutions of orbiting black-hole binaries without excision}",
    volume = "96",
    year = "2006"
}

@article{Friedrich:1985,
	author = "Friedrich, Helmut",
	journal = "Comm. Math. Phys.",
	number = "4",
	pages = "525--543",
	publisher = "Springer",
	title = "On the hyperbolicity of Einstein's and other gauge field equations",
	url = "https://projecteuclid.org:443/euclid.cmp/1104114004",
	volume = "100",
	year = "1985"
}

@article{Gourgoulhon:2006bn,
    author = "Gourgoulhon, Eric",
    editor = "Rieutord, M. and Dubrulle, B.",
    archivePrefix = "arXiv",
    doi = "10.1051/eas:2006106",
    eprint = "gr-qc/0603009",
    journal = "EAS Publ. Ser.",
    pages = "43--79",
    title = "{An Introduction to relativistic hydrodynamics}",
    volume = "21",
    year = "2006"
}

@article{Geyer:1995,
  title = {Slicing the Schwarzschild spacetime: Harmonic versus maximal slicing},
  author = "Geyer, Axel and Herold, Heinz",
  journal = "Phys. Rev. D",
  volume = "52",
  issue = "10",
  pages = "6182--6185",
  numpages = "0",
  year = "1995",
  month = "Nov",
  publisher = "American Physical Society",
  doi = "10.1103/PhysRevD.52.6182",
  url = "https://link.aps.org/doi/10.1103/PhysRevD.52.6182"
}


@article{Gundlach:2005eh,
    author = "Gundlach, Carsten and Martin-Garcia, Jose M. and Calabrese, Gioel and Hinder, Ian",
    archivePrefix = "arXiv",
    doi = "10.1088/0264-9381/22/17/025",
    eprint = "gr-qc/0504114",
    journal = "Class. Quant. Grav.",
    pages = "3767--3774",
    title = "{Constraint damping in the Z4 formulation and harmonic gauge}",
    volume = "22",
    year = "2005"
}

@book{Landau:1982dva,
      author         = "Landau, L. D. and Lifschits, E. M.",
      title          = "{The Classical Theory of Fields}",
      publisher      = "Pergamon Press",
      address        = "Oxford",
      year           = "1975",
      volume         = "Volume 2",
      series         = "Course of Theoretical Physics",
      ISBN           = "9780080181769",
      SLACcitation   = "%%CITATION = INSPIRE-1235601;%%"
}

@article{Lindblom:2009,
	author = {Lindblom, Lee and Szilagyi, Bela},
	year = "2009",
	month = "04",
	pages = "",
	title = {An Improved Gauge Driver for the Generalized Harmonic Einstein System},
	volume = "80",
	journal = "Physical Review D",
	doi = "10.1103/PhysRevD.80.084019"
}

@article{Lindblom:2005qh,
    author = "Lindblom, Lee and Scheel, Mark A. and Kidder, Lawrence E. and Owen, Robert and Rinne, Oliver",
    archivePrefix = "arXiv",
    doi = "10.1088/0264-9381/23/16/S09",
    eprint = "gr-qc/0512093",
    journal = "Class. Quant. Grav.",
    pages = "S447--S462",
    title = "{A New generalized harmonic evolution system}",
    volume = "23",
    year = "2006"
}

@book{		  Misner:1973,
  author	= {Charles W. {Misner}, Kip S. {Thorne} and John A. {Wheeler}},
  title		= {Gravitation},
  publisher	= {W. H. Freeman and Company},
  year		= {1973},
  address	= {San Francisco}
}

@article{Nakamura1987,
    author = {Nakamura, Takashi and Oohara, Kenichi and Kojima, Yasufumi},
    title = "{General Relativistic Collapse to Black Holes and Gravitational Waves from Black Holes}",
    journal = {Progress of Theoretical Physics Supplement},
    volume = "90",
    pages = "1-218",
    year = "1987",
    month = "01",
    issn = "0375-9687",
    doi = "10.1143/PTPS.90.1",
    url = "https://doi.org/10.1143/PTPS.90.1",
    eprint = {https://academic.oup.com/ptps/article-pdf/doi/10.1143/PTPS.90.1/5201911/90-1.pdf},
}

@book{Poisson:2004,
  place = "Cambridge", 
  title = {A Relativist's Toolkit: The Mathematics of Black-Hole Mechanics}, 
  DOI = "10.1017/CBO9780511606601", 
  publisher = "Cambridge University Press", 
  author = "Poisson, Eric", 
  year = "2004"
}

@article{Ruiz:2010qj,
    author = "Ruiz, Milton and Hilditch, David and Bernuzzi, Sebastiano",
    archivePrefix = "arXiv",
    doi = "10.1103/PhysRevD.83.024025",
    eprint = "1010.0523",
    journal = "Phys. Rev. D",
    pages = "024025",
    primaryClass = "gr-qc",
    title = "{Constraint preserving boundary conditions for the Z4c formulation of general relativity}",
    volume = "83",
    year = "2011"
}

@book{Rezzolla:2013,
      author         = "Rezzolla, L. and Zanotti, O.",
      title          = "{Relativistic Hydrodynamics}",
      publisher      = "Oxford University Press",
      address        = "Oxford",
      year           = "2013",
      edition        = "1",
      ASIN           = "0198528906"
      series         = "Mathematics",
      ISBN           = "9780198528906",
}

@article{Shibata:1995we,
    author = "Shibata, Masaru and Nakamura, Takashi",
    doi = "10.1103/PhysRevD.52.5428",
    journal = "Phys. Rev. D",
    pages = "5428--5444",
    title = "{Evolution of three-dimensional gravitational waves: Harmonic slicing case}",
    volume = "52",
    year = "1995"
}

@book{Schutz:2009a, 
	author = "Schutz, Bernard",
	place = "Cambridge", 
	edition = "2", 
	title = {A First Course in General Relativity}, 
	doi = "10.1017/CBO9780511984181", 
	publisher= "Cambridge University Press", 
	year = "2009"
}

@article{vanMeter:2006vi,
    author = "van Meter, James R. and Baker, John G. and Koppitz, Michael and Choi, Dae-Il",
    archivePrefix = "arXiv",
    doi = "10.1103/PhysRevD.73.124011",
    eprint = "gr-qc/0605030",
    journal = "Phys. Rev. D",
    pages = "124011",
    title = "{How to move a black hole without excision: Gauge conditions for the numerical evolution of a moving puncture}",
    volume = "73",
    year = "2006"
}

@book{Wald:1984,
  key		= "Wald84",
  author	= "Robert M. Wald",
  title		= {General relativity},
  publisher	= "The University of Chicago Press",
  year		= "1984",
  isbn		= "0-226-87032-4 (hardcover), 0-226-87033-2 (paperback)",
  address	= "Chicago"
}

@article{Weyhausen:2011cg,
    author = "Weyhausen, Andreas and Bernuzzi, Sebastiano and Hilditch, David",
    archivePrefix = "arXiv",
    doi = "10.1103/PhysRevD.85.024038",
    eprint = "1107.5539",
    journal = "Phys. Rev. D",
    pages = "024038",
    primaryClass = "gr-qc",
    title = "{Constraint damping for the Z4c formulation of general relativity}",
    volume = "85",
    year = "2012"
}
