@article{Nedora:2021,
    author = "Nedora, V. and Radice, D. and Bernuzzi, S. and Perego, A. and Daszuta, B. and Endrizzi, A. and Prakash, A. and Schianchi, F.",
    title = "{Dynamical ejecta synchrotron emission as possible contributor to the rebrightening of GRB170817A}",
    eprint = "2104.04537",
    archivePrefix = "arXiv",
    primaryClass = "astro-ph.HE",
    month = "4",
    year = "2021",
    SLACcitation  = "%%CITATION = ARXIV/2104.04537;%%",
    note = "\href{https://arxiv.org/abs/2104.04537}{\texttt{arXiv:2104.04537}} \\
    \textit{
    I am the primary author, wrote all of the text, performed all
    the postprocessing of numerical relativity simulations, and 
    computed kilonova afterglow models. I created all the figures.
    I also wrote all of the \texttt{PyBlastAfterglow} code}",
}

@article{Nedora:2020qtd,
    author = "Nedora, V. and Schianchi, F. and Bernuzzi, S. and Radice, D. and Daszuta, B. and Endrizzi, A. and Perego, A. and Prakash, A. and Zappa, F.",
    title = "{Mapping dynamical ejecta and disk masses from numerical relativity simulations of neutron star mergers}",
    eprint = "2011.11110",
    archivePrefix = "arXiv",
    primaryClass = "astro-ph.HE",
    month = "11",
    year = "2020",
    SLACcitation  = "%%CITATION = ARXIV/2011.11110;%%",
    note = "\href{https://arxiv.org/abs/2011.11110}{\texttt{arXiv:2011.11110}} \\
    \textit{
    I am the primary author, wrote all of the text, 
    compiled the datasets available in the literature and performed the 
    statistical analysis. I created all the figures}"
}

@article{Nedora:2020pak,
    author = "Nedora, V. and Bernuzzi, S. and Radice, D. and Daszuta, B. and Endrizzi, A. and Perego, A. and Prakash, A. and Safarzadeh, M. and Schianchi, F. and Logoteta, D.",
    title = "{Numerical Relativity Simulations of the Neutron Star Merger GW170817: Long-Term Remnant Evolutions, Winds, Remnant Disks, and Nucleosynthesis}",
    eprint = "2008.04333",
    archivePrefix = "arXiv",
    primaryClass = "astro-ph.HE",
    doi = "10.3847/1538-4357/abc9be",
    journal = "Astrophys. J.",
    volume = "906",
    number = "2",
    pages = "98",
    year = "2021",
    SLACcitation  = "%%CITATION = ARXIV/2008.04333;%%",
    note = "\href{https://arxiv.org/abs/2008.04333}{\texttt{arXiv:2008.04333}} \\
    \textit{
    I am the primary author, wrote most of the text, performed all
    the postprocessing of numerical relativity simulations.
    I created all the figures}"
}

@article{Nedora:2019jhl,
    author         = "Nedora, V. and Bernuzzi, S. and Radice, D. and Perego, A. and Endrizzi, A. and Ortiz, N.",
    title          = "{Spiral-wave wind for the blue kilonova}",
    journal        = "Astrophys. J.",
    volume         = "886",
    year           = "2019",
    number         = "2",
    pages          = "L30",
    doi            = "10.3847/2041-8213/ab5794",
    eprint         = "1907.04872",
    archivePrefix  = "arXiv",
    primaryClass   = "astro-ph.HE",
    SLACcitation   = "%%CITATION = ARXIV:1907.04872;%%",
    note = "\href{https://arxiv.org/abs/1907.04872}{\texttt{arXiv:1907.04872}} \\
    \textit{
    I am the primary author, wrote most of the text, performed all
    the postprocessing of numerical relativity simulations.
    I created all the figures}"
}

%Prakash:2021wpz,
@article{Prakash:2021, 
    author = "Prakash, Aviral and Radice, David and Logoteta, Domenico and Perego, Albino and Nedora, Vsevolod and Bombaci, Ignazio and Kashyap, Rahul and Bernuzzi, Sebastiano and Endrizzi, Andrea",
    title = "{Signatures of deconfined quark phases in binary neutron star mergers}",
    eprint = "2106.07885",
    archivePrefix = "arXiv",
    primaryClass = "astro-ph.HE",
    month = "6",
    year = "2021",
    note = "\href{https://arxiv.org/abs/2106.07885}{\texttt{arXiv:2106.07885}} \\ 
           \textit{
           I wrote the section on the kilonova afterglow, producing the figures there.
           I also helped with running some of the binary neutron star merger
           simulations used in this paper}"
}

@article{Hajela:2021,
       author = "Hajela, A. and Margutti, R. and Bright, J.~S. and Alexander, K.~D. and Metzger, B.~D. and Nedora, Vsevolod and Kathirgamaraju, A. and Margalit, B. and Radice, D. and Berger, E. and MacFadyen, A. and Giannios, D. and Chornock, R. and Heywood, I. and Sironi, L. and Gottlieb, O. and Coppejans, D. and Laskar, T. and Cendes, Y. and Barniol Duran, R. and Eftekhari, T. and Fong, W. and McDowell, A. and Nicholl, M. and Xie, X. and Zrake, J. and Bernuzzi, S. and Broekgaarden, F.~S. and Kilpatrick, C.~D. and Terreran, G. and Villar, V.~A. and Blanchard, P.~K. and Gomez, S. and Hosseinzadeh, G. and Matthews, D.~J. and Rastinejad, J.~C.",
        title = "{The emergence of a new source of X-rays from the binary neutron star merger GW170817}",
     keywords = "Astrophysics - High Energy Astrophysical Phenomena",
         year = "2021",
        month = "Apr.",
          eid = "arXiv:2104.02070",
archivePrefix = "arXiv",
       eprint = "2104.02070",
 primaryClass = "astro-ph.HE",
       adsurl = "https://ui.adsabs.harvard.edu/abs/2021arXiv210402070H",
      adsnote = "Provided by the SAO/NASA Astrophysics Data System",
      SLACcitation  = "%%CITATION = ARXIV/9711200;%%",
         note = "\href{https://arxiv.org/abs/2104.02070}{\texttt{arXiv:2104.02070}} \\
         \textit{
         I wrote the section on the numerical relativity informed kilonova afterglow models,
         producing the relevant figures}"
}

@article{Bernuzzi:2020txg,
    author = "Bernuzzi, S. and Breschi, M. and Daszuta, B. and Endrizzi, A. and  Logoteta, D. and Nedora, V. and Perego, A. and Radice, D. and Schianchi, F. and Zappa, F. and Bombaci, I. and Ortiz, N.",
    title          = "{Accretion-induced prompt black hole formation in asymmetric neutron star mergers, dynamical ejecta and kilonova signals}",
    title = "{Accretion-induced prompt black hole formation in asymmetric neutron star mergers, dynamical ejecta and kilonova signals}",
    journal= "Mon. Not. Roy. Astron. Soc.",
    year = 2020,
    month = jun,
    doi = "10.1093/mnras/staa1860",
    eprint         = "2003.06015",
    archivePrefix  = "arXiv",
    primaryClass   = "astro-ph.HE",
    SLACcitation   = "%%CITATION = ARXIV:2003.06015;%%",
    note = "\href{https://arxiv.org/abs/2003.06015}{\texttt{arXiv:2003.06015}} \\
    \textit{
    I helped with the postprocessing of numerical relativity simulations}"
}

@article{Breschi:2021tbm,
    author = "Breschi, M. and Perego, A. and Bernuzzi, S. and Del~Pozzo, W. and Nedora, V and Radice, D. and Vescovi, D.",
    title = "{AT2017gfo: Bayesian inference and model selection of multi-component kilonovae and constraints on the neutron star equation of state}",
    eprint = "2101.01201",
    archivePrefix = "arXiv",
    primaryClass = "astro-ph.HE",
    month = "1",
    year = "2021",
    SLACcitation   = "%%CITATION = ARXIV:2101.01201;%%",
    note = "\href{https://arxiv.org/abs/2101.01201}{\texttt{arXiv:2101.01201}} \\
           \textit{
           I helped with setting up the kilonova model selection runs}"
}



